%%%%%%%%%%%%% article %%%%%%%%%%%%%

@article{cabo92,
	author  = "S. P. Carroll and C. Boyd",
	title   = "Host race radiation in the Soapberry bug: natural history with the history",
	year = "1992",
	pages = "1052--1069",
  volume = "42",
	journal = "Evolution"
}


%%%%%%%%%%%%% incollection %%%%%%%%%%%%%

@incollection{bta98,
  author  = "I. Bråten and M. Thurmann and C. Anne",
  editor  = "I. Bråten",
  title   = "Den nærmeste utviklingssonen som utgangspunkt for pedagogisk praksis",
  booktitle = "Vygotsky i pedagogikken",
  year = "1998",
  pages = "123--143",
  isbn = "9788245600735",
  publisher = "Cappelen {A}kademisk {F}orlag"
}

%%%%%%%%%%%%% Books %%%%%%%%%%%%%

@book{moer10,
  author  = "S. M. Mork and W. Erlien",
  title   = "Språk og digitale verktøy i naturfag",
  year = "2010",
  publisher = "Universitetsforlaget"
}


%%%%%%%%%%%%%% Misc %%%%%%%%%%%%%%

@misc{furb16,
  author = "Anniken Furberg",
  title = "Elevers læring med {IKT}.",
  howpublished = "Forelesning 07.09.2016",
  year = "2016", 
  note = "Aksessert på internett 30.05.2017 gjennom it's learning"
}